<?xml version="1.0" encoding="UTF-8"?>
<collection>
    <record>
        <leader>04006naa#a2200433#c#4500</leader>
        <controlfield tag="001">997090426903340</controlfield>
        <controlfield tag="005">20230209131251.0</controlfield>
        <controlfield tag="007">cr#|||||||||||</controlfield>
        <controlfield tag="008">230209s2022####||||||||o|||||||||||eng|c</controlfield>
        <controlfield tag="009">AC16766737</controlfield>
        <datafield tag="024" ind1="7" ind2=" ">
            <subfield code="a">10.1108/IJRDM-06-2022-0194</subfield>
            <subfield code="2">doi</subfield>
        </datafield>
        <datafield tag="024" ind1="7" ind2=" ">
            <subfield code="a">urn:nbn:at:at-ubl:3-17136</subfield>
            <subfield code="2">urn</subfield>
        </datafield>
        <datafield tag="035" ind1=" " ind2=" ">
            <subfield code="a">(AT-OBV)AC16766737</subfield>
        </datafield>
        <datafield tag="035" ind1=" " ind2=" ">
            <subfield code="a">(VLID)8406501</subfield>
        </datafield>
        <datafield tag="035" ind1=" " ind2=" ">
            <subfield code="a">(DE-599)OBVAC16766737</subfield>
        </datafield>
        <datafield tag="035" ind1=" " ind2=" ">
            <subfield code="a">(EXLNZ-43ACC_NETWORK)99147185751003331</subfield>
        </datafield>
        <datafield tag="040" ind1=" " ind2=" ">
            <subfield code="a">AT-UBL</subfield>
            <subfield code="b">ger</subfield>
            <subfield code="d">AT-UBL</subfield>
        </datafield>
        <datafield tag="041" ind1=" " ind2=" ">
            <subfield code="a">eng</subfield>
        </datafield>
        <datafield tag="044" ind1=" " ind2=" ">
            <subfield code="c">XA-AT</subfield>
        </datafield>
        <datafield tag="100" ind1="1" ind2=" ">
            <subfield code="a">Mayr, Kathrin</subfield>
            <subfield code="4">aut</subfield>
        </datafield>
        <datafield tag="245" ind1="1" ind2="0">
            <subfield code="a">Unethical customer behaviour: causes and consequences</subfield>
        </datafield>
        <datafield tag="251" ind1=" " ind2=" ">
            <subfield code="a">vor</subfield>
            <subfield code="2">coar</subfield>
        </datafield>
        <datafield tag="264" ind1=" " ind2="1">
            <subfield code="b">Emerald</subfield>
            <subfield code="c">2022</subfield>
        </datafield>
        <datafield tag="300" ind1=" " ind2=" ">
            <subfield code="a">1 Online-Ressource</subfield>
        </datafield>
        <datafield tag="336" ind1=" " ind2=" ">
            <subfield code="b">txt</subfield>
        </datafield>
        <datafield tag="337" ind1=" " ind2=" ">
            <subfield code="b">c</subfield>
        </datafield>
        <datafield tag="338" ind1=" " ind2=" ">
            <subfield code="b">cr</subfield>
        </datafield>
        <datafield tag="347" ind1=" " ind2=" ">
            <subfield code="a">Textdatei</subfield>
            <subfield code="b">PDF</subfield>
        </datafield>
        <datafield tag="506" ind1="0" ind2=" ">
            <subfield code="f">Unrestricted online access</subfield>
            <subfield code="2">star</subfield>
        </datafield>
        <datafield tag="520" ind1=" " ind2=" ">
            <subfield code="a">eng: Purpose – Unethically behaving customers deviating from morally acceptable norms have posed an additional challenge to retailers, frontline employees (FLEs) and other customers in recent crisis-dominant environments. While research concerning customer behaviour ethicality focusses on purchasing modes and consumption behaviour, unethicality in all its facets receives limited attention, leaving dimensions of unethical customer behaviour (UCB) and effective managerial strategies unexplored. The purpose of this paper is to describe dimensions of UCB, investigate its causes, explore its consequences for customers and FLEs and inferpractical implications for retail management by collecting customers’ and FLEs’ views in collaboration of each other.Design/methodology/approach – Due to the explorative nature of this research, qualitative semi-structured interviews with 45 customers and 51 FLEs were conducted, following a content analytical approach and the establishment of inter-rater reliability coefficients. Findings – The findings reveal multiple UCB dimensions operating on situational and individual behavioural levels, targeting mainly employees, followed by customers. The reasons for UCB arising correspond to customers’ attitudes, social influences and egoistic motives. UCB imposes risks of financial losses for retailers, due to the wasting of resources as a consequence of employees’ stress and emotional exhaustion, demanding managerial boundary-spanning activities. Further, it negatively impacts customers’ shopping behaviours, provoking online shopping and shopping avoidance. Originality/value – The study fills the research gap regarding perceived unethicality of customer behaviourby describing and explaining differing forms of UCB, considering customers’ and FLEs’ views in retail stores. It develops a UCB framework, identifies UCB dimensions beyond current academic research and derives specific practical implications to make the phenomenon manageable for retailers. The originality of this paper lies in the synthesis of the three UCB dimensions, consisting of antecedents, forms of UCB and consequences for ustomers and FLEs.</subfield>
        </datafield>
        <datafield tag="540" ind1=" " ind2=" ">
            <subfield code="f">CC BY 4.0</subfield>
            <subfield code="u">https://creativecommons.org/licenses/by/4.0/deed.de</subfield>
            <subfield code="2">cc</subfield>
        </datafield>
        <datafield tag="700" ind1="1" ind2=" ">
            <subfield code="a">Schwendtner, Teresa</subfield>
            <subfield code="4">aut</subfield>
        </datafield>
        <datafield tag="700" ind1="1" ind2=" ">
            <subfield code="a">Teller, Christoph</subfield>
            <subfield code="4">aut</subfield>
        </datafield>
        <datafield tag="700" ind1="1" ind2=" ">
            <subfield code="a">Gittenberger, Ernst</subfield>
            <subfield code="4">aut</subfield>
        </datafield>
        <datafield tag="773" ind1="0" ind2="8">
            <subfield code="i">Enthalten in</subfield>
            <subfield code="t">International Journal of Retail &amp; Distribution Management</subfield>
            <subfield code="d"> Emerald, 2022</subfield>
            <subfield code="g">50 (2022), 13, Seite 200-224</subfield>
            <subfield code="x">0959-0552</subfield>
        </datafield>
        <datafield tag="856" ind1="4" ind2="0">
            <subfield code="m">V:AT-OBV;B:AT-UBL</subfield>
            <subfield code="o">OBV-EDOC-VL</subfield>
            <subfield code="q">text/html</subfield>
            <subfield code="u">https://resolver.obvsg.at/urn:nbn:at:at-ubl:3-17136</subfield>
            <subfield code="x">UBL</subfield>
            <subfield code="z">kostenfrei</subfield>
            <subfield code="3">Volltext</subfield>
        </datafield>
        <datafield tag="970" ind1="2" ind2=" ">
            <subfield code="d">OA-ARTICLE</subfield>
        </datafield>
        <datafield tag="970" ind1="9" ind2=" ">
            <subfield code="m">V:AT-OBV;B:AT-UBL</subfield>
            <subfield code="q">application/pdf</subfield>
            <subfield code="u">http://media.obvsg.at/AC16766737-2001</subfield>
            <subfield code="x">UBL</subfield>
            <subfield code="z">kostenfrei</subfield>
            <subfield code="3">Volltext</subfield>
        </datafield>
        <datafield tag="971" ind1="5" ind2=" ">
            <subfield code="a">Universität Linz</subfield>
            <subfield code="b">Sozial- und Wirtschaftswissenschaftliche Fakultät</subfield>
            <subfield code="c">Institut für Handel, Absatz und Marketing. Abteilung Marketing for Emerging Markets</subfield>
            <subfield code="0">ioo:UL:SW:MF</subfield>
        </datafield>
        <datafield tag="971" ind1="9" ind2=" ">
            <subfield code="a">Unethical customer behaviour / Customer behaviour in crisis situations / Frontline employees / Retail management</subfield>
        </datafield>
    </record>